@TECHREPORT{Koch2001TR,
   author      = "Thorsten Koch",
   title       = "ZIMPL User Guide",
   institution = "Konrad-Zuse-Zentrum {f\"ur} Informationstechnik Berlin",
   number      = "01-20",
   address     = "Takustr. 7, Berlin",
   year        = "2001",
   url         = "http://www.zib.de/koch/zimpl",
   language    = "English",
}
