@COMMENT{$Id: zimpl.bib,v 1.4 2003/10/02 08:20:12 bzfkocht Exp $}

@BOOK{FourierGrayKernighan2003,
   author      = "R. Fourier and D. M. Gray and B. W. Kernighan",
   title       = "AMPL: A Modelling Language for Mathematical Programming",
   edition     = "second",
   publisher   = "Brooks/Cole---Thomson Learning",
   year        = "2003",
}

@BOOK{Hentenryck1999,
   author      = "Pascal van Hentenryck",
   title       = "The OPL Optimization Programming Language",
   publisher   = "MIT Press",
   address     = "Cambridge, Massachusetts",
   year        = "1999",
}

@BOOK{ILOG2002,
   key         = "ILOG CPLEX 8.0 Reference Manual",
   title       = "ILOG CPLEX 8.0 Reference Manual",
   publisher   = "ILOG",
   year        = "2002",
}

@BOOK{XPRESS1999,
   key         = "XPRESS-MP Release 11 Reference Manual",
   title       = "XPRESS-MP Release 11 Reference Manual",
   publisher   = "Dash Associates",
   year        = "1999",
}

@BOOK{IBM1997,
   key         = "IBM Optimization Library Guide and Reference",
   title       = "IBM Optimization Library Guide and Reference",
   publisher   = "IBM Corp.",
   year        = "1997",
}

@BOOK{Chvatal1983,
   author      = "Va\v{s}ek Chv\'{a}tal",
   title       = "Linear Programming",
   publisher   = "H.W. Freeman and Company",
   address     = "New York",
   year        = "1983",
}

@BOOK{Schrijver2003,
   author      = "Alexander Schrijver",
   title       = "Combinatorial Optimization",
   publisher   = "Springer",
   year        = "2003",
}




